@article{lopez2013hallmarks,
  author={L{\'o}pez-Ot{\'\i}n, Carlos and Blasco, Maria A and Partridge, Linda and Serrano, Manuel and Kroemer, Guido},
  title={The hallmarks of aging},journal={Cell},
  volume={153},
  number={6},
  pages={1194--1217},
  year={2013},
  publisher={Elsevier}
}
@article{sprott2010biomarkers,
  author={Sprott, Richard L},
  title={Biomarkers of aging and disease: introduction and definitions},
  journal={Experimental gerontology},
  volume={45},
  number={1},
  pages={2--4},
  year={2010},
  publisher={Elsevier}
}
@article{mitnitski2001accumulation,
  author  = {Mitnitski, Arnold B and Mogilner, Alexander J and Rockwood, Kenneth},
  title   = {Accumulation of deficits as a proxy measure of aging},
  journal={TheScientificWorldJournal},
  volume={1},
  pages={323--336},
  year={2001},
  publisher={Hindawi}
}
@article{horvath2013dna,
  title={DNA methylation age of human tissues and cell types},
  author={Horvath, Steve},
  journal={Genome biology},
  volume={14},
  number={10},
  pages={1--20},
  year={2013},
  publisher={BioMed Central}
}
@article{levine2013modeling,
  title={Modeling the rate of senescence: can estimated biological age predict mortality more accurately than chronological age?},
  author={Levine, Morgan E},
  journal={Journals of Gerontology Series A: Biomedical Sciences and Medical Sciences},
  volume={68},
  number={6},
  pages={667--674},
  year={2013},
  publisher={Oxford University Press US}
}
@article{bae2008development,
  title={Development of models for predicting biological age (BA) with physical, biochemical, and hormonal parameters},
  author={Bae, Chul-Young and Kang, Young Gon and Kim, Sehyun and Cho, Chooyon and Kang, Hee Cheol and Yu, Byung Yeon and Lee, Sang-Wha and Cho, Kyung Hee and Lee, Duk Chul and Lee, Kyurae and others},
  journal={Archives of gerontology and geriatrics},
  volume={47},
  number={2},
  pages={253--265},
  year={2008},
  publisher={Elsevier}
}
@article{huang2023dynamic,
  title={Dynamic effects of prognostic factors and individual survival prediction for amyotrophic lateral sclerosis disease},
  author={Huang, Baoyi and Geng, Xiang and Yu, Zhiyin and Zhang, Chengfeng and Chen, Zheng},
  journal={Annals of Clinical and Translational Neurology},
  year={2023},
  publisher={Wiley Online Library}
}
@article{walter2011genome,
  title={A genome-wide association study of aging},
  author={Walter, Stefan and Atzmon, Gil and Demerath, Ellen W and Garcia, Melissa E and Kaplan, Robert C and Kumari, Meena and Lunetta, Kathryn L and Milaneschi, Yuri and Tanaka, Toshiko and Tranah, Gregory J and others},
  journal={Neurobiology of aging},
  volume={32},
  number={11},
  pages={2109--e15},
  year={2011},
  publisher={Elsevier}
}
@article{zhang2018time,
  title={Time-varying covariates and coefficients in Cox regression models},
  author={Zhang, Zhongheng and Reinikainen, Jaakko and Adeleke, Kazeem Adedayo and Pieterse, Marcel E and Groothuis-Oudshoorn, Catharina GM},
  journal={Annals of translational medicine},
  volume={6},
  number={7},
  year={2018},
  publisher={AME Publications}
}
@article{nakamura1988assessment,
  title={Assessment of biological age by principal component analysis},
  author={Nakamura, E and Miyao, K and Ozeki, T},
  journal={Mechanisms of ageing and development},
  volume={46},
  number={1-3},
  pages={1--18},
  year={1988},
  publisher={Elsevier}
}
@article{park2009developing,
  title={Developing a biological age assessment equation using principal component analysis and clinical biomarkers of aging in Korean men},
  author={Park, JinHo and Cho, BeLong and Kwon, HyukTae and Lee, CheolMin},
  journal={Archives of gerontology and geriatrics},
  volume={49},
  number={1},
  pages={7--12},
  year={2009},
  publisher={Elsevier}
}
@article{zenin2019identification,
  title={Identification of 12 genetic loci associated with human healthspan},
  author={Zenin, Aleksandr and Tsepilov, Yakov and Sharapov, Sodbo and Getmantsev, Evgeny and Menshikov, LI and Fedichev, Peter O and Aulchenko, Yurii},
  journal={Communications biology},
  volume={2},
  number={1},
  pages={41},
  year={2019},
  publisher={Nature Publishing Group UK London}
}
@article{marmot2005social,
  title={Social determinants of health inequalities},
  author={Marmot, Michael},
  journal={The lancet},
  volume={365},
  number={9464},
  pages={1099--1104},
  year={2005},
  publisher={Elsevier}
}
@article{bruunsgaard2003age,
  title={Age-related inflammatory cytokines and disease},
  author={Br{\"u}{\"u}nsgaard, Helle and Pedersen, Bente Klarlund},
  journal={Immunology and Allergy Clinics},
  volume={23},
  number={1},
  pages={15--39},
  year={2003},
  publisher={Elsevier}
}
@article{goldberg2015drivers,
  title={Drivers of age-related inflammation and strategies for healthspan extension},
  author={Goldberg, Emily L and Dixit, Vishwa Deep},
  journal={Immunological reviews},
  volume={265},
  number={1},
  pages={63--74},
  year={2015},
  publisher={Wiley Online Library}
  }
  @article{kuh2014life,
  title={A life-course approach to healthy ageing: maintaining physical capability},
  author={Kuh, Diana and Karunananthan, Sathya and Bergman, Howard and Cooper, Rachel},
  journal={Proceedings of the Nutrition Society},
  volume={73},
  number={2},
  pages={237--248},
  year={2014},
  publisher={Cambridge University Press}
}
@article{wikstrom2015clinical,
  title={Clinical and lifestyle-related risk factors for incident multimorbidity: 10-year follow-up of Finnish population-based cohorts 1982--2012},
  author={Wikstr{\"o}m, Katja and Lindstr{\"o}m, Jaana and Harald, Kennet and Peltonen, Markku and Laatikainen, Tiina},
  journal={European journal of internal medicine},
  volume={26},
  number={3},
  pages={211--216},
  year={2015},
  publisher={Elsevier}
}
@article{niccoli2012ageing,
  title={Ageing as a risk factor for disease},
  author={Niccoli, Teresa and Partridge, Linda},
  journal={Current biology},
  volume={22},
  number={17},
  pages={R741--R752},
  year={2012},
  publisher={Elsevier}
}
@article{wang2017predicting,
  title={Predicting age by mining electronic medical records with deep learning characterizes differences between chronological and physiological age},
  author={Wang, Zichen and Li, Li and Glicksberg, Benjamin S and Israel, Ariel and Dudley, Joel T and Ma'ayan, Avi},
  journal={Journal of biomedical informatics},
  volume={76},
  pages={59--68},
  year={2017},
  publisher={Elsevier}
}
@article{farrell2021potential,
  title={The potential for complex computational models of aging},
  author={Farrell, Spencer and Stubbings, Garrett and Rockwood, Kenneth and Mitnitski, Arnold and Rutenberg, Andrew},
  journal={Mechanisms of Ageing and Development},
  volume={193},
  pages={111403},
  year={2021},
  publisher={Elsevier}
}
@article{farrell2022interpretable,
  title={Interpretable machine learning for high-dimensional trajectories of aging health},
  author={Farrell, Spencer and Mitnitski, Arnold and Rockwood, Kenneth and Rutenberg, Andrew D},
  journal={PLOS Computational Biology},
  volume={18},
  number={1},
  pages={e1009746},
  year={2022},
  publisher={Public Library of Science San Francisco, CA USA}
}
@misc{Lifelines,
  title = {Lifelines},
  key = {Lifelines},
  howpublished = "\url{https://www.lifelines.nl/}",
  year = {2023}
}
@article{kom1997time,
  title={Time-to-event analysis of longitudinal follow-up of a survey: choice of the time-scale},
  author={Kom, Edward L and Graubard, Barry I and Midthune, Douglas},
  journal={American journal of epidemiology},
  volume={145},
  number={1},
  pages={72--80},
  year={1997},
  publisher={Oxford University Press}
}
@article{bonaccio2019impact,
  title={Impact of combined healthy lifestyle factors on survival in an adult general population and in high-risk groups: prospective results from the Moli-sani study},
  author={Bonaccio, M and Di Castelnuovo, A and Costanzo, S and De Curtis, A and Persichillo, M and Cerletti, C and Donati, MB and de Gaetano, G and Iacoviello, L and Moli-sani Study Investigators},
  journal={Journal of internal medicine},
  volume={286},
  number={2},
  pages={207--220},
  year={2019},
  publisher={Wiley Online Library}
}
@article{mars2020polygenic,
  title={Polygenic and clinical risk scores and their impact on age at onset and prediction of cardiometabolic diseases and common cancers},
  author={Mars, Nina and Koskela, Jukka T and Ripatti, Pietari and Kiiskinen, Tuomo TJ and Havulinna, Aki S and Lindbohm, Joni V and Ahola-Olli, Ari and Kurki, Mitja and Karjalainen, Juha and Palta, Priit and others},
  journal={Nature medicine},
  volume={26},
  number={4},
  pages={549--557},
  year={2020},
  publisher={Nature Publishing Group US New York}
}
@article{valderas2009defining,
  title={Defining comorbidity: implications for understanding health and health services},
  author={Valderas, Jose M and Starfield, Barbara and Sibbald, Bonnie and Salisbury, Chris and Roland, Martin},
  journal={The Annals of Family Medicine},
  volume={7},
  number={4},
  pages={357--363},
  year={2009},
  publisher={Annals Family Med}
}
@misc{WHO,
  title = {Global Health Estimates : Life expectancy and leading causes of death and disability},
  key = {World Health Organization},
  howpublished = "\url{https://www.who.int/data/gho/data/themes/mortality-and-global-health-estimates}",
  year = {2019}
}
@article{epel2009rate,
  title={The rate of leukocyte telomere shortening predicts mortality from cardiovascular disease in elderly men},
  author={Epel, Elissa S and Merkin, Sharon Stein and Cawthon, Richard and Blackburn, Elizabeth H and Adler, Nancy E and Pletcher, Mark J and Seeman, Teresa E},
  journal={Aging (Albany NY)},
  volume={1},
  number={1},
  pages={81},
  year={2009},
  publisher={Impact Journals, LLC}
}
@misc{GBD,
  title = {Global Burden of Disease },
  key = {Global burden of disease},
  howpublished = "\url{https://www.thelancet.com/gbd}",
  year = {2019}
}  
@article{wendel2003reproducibility,
  title={Reproducibility and relative validity of the short questionnaire to assess health-enhancing physical activity},
  author={Wendel-Vos, GC Wanda and Schuit, A Jantine and Saris, Wim HM and Kromhout, Daan},
  journal={Journal of clinical epidemiology},
  volume={56},
  number={12},
  pages={1163--1169},
  year={2003},
  publisher={Elsevier}
}
@article{bo2019dynamic,
  title={Dynamic changes in long-term exposure to ambient particulate matter and incidence of hypertension in adults: a natural experiment},
  author={Bo, Yacong and Guo, Cui and Lin, Changqing and Chang, Ly-yun and Chan, Ta-Chien and Huang, Bo and Lee, Kam-Pui and Tam, Tony and Lau, Alexis KH and Lao, Xiang Qian and others},
  journal={Hypertension},
  volume={74},
  number={3},
  pages={669--677},
  year={2019},
  publisher={Am Heart Assoc}
}
@article{geraili2022evaluation,
  title={Evaluation of Time-Varying Biomarkers in Mortality Outcome in COVID-19: an Application of Extended Cox Regression Model},
  author={Geraili, Zahra and Hajian-Tilaki, Karimollah and Bayani, Masomeh and Hosseini, Seyed Reza and Khafri, Soraya and Ebrahimpour, Soheil and Javanian, Mostafa and Babazadeh, Arefeh and Shokri, Mehran},
  journal={Acta Informatica Medica},
  volume={30},
  number={4},
  pages={295},
  year={2022},
  publisher={The Academy of Medical Sciences of Bosnia and Herzegovina}
}
@article{webb2023cox,
  title={Cox models with time-varying covariates and partly-interval censoring--A maximum penalised likelihood approach},
  author={Webb, Annabel and Ma, Jun},
  journal={Statistics in medicine},
  volume={42},
  number={6},
  pages={815--833},
  year={2023},
  publisher={Wiley Online Library}
}
@article{heller2011proportional,
  title={Proportional hazards regression with interval censored data using an inverse probability weight},
  author={Heller, Glenn},
  journal={Lifetime data analysis},
  volume={17},
  pages={373--385},
  year={2011},
  publisher={Springer}
}
@article{sun2010comparison,
  title={Comparison of Finkelstein’s method with the conventional approach for interval-censored data analysis},
  author={Sun, Xing and Chen, Cong},
  journal={Statistics in Biopharmaceutical Research},
  volume={2},
  number={1},
  pages={97--108},
  year={2010},
  publisher={Taylor \& Francis}
}
@article{canchola2003cox,
  title={Cox regression using different time-scales},
  author={Canchola, Alison J and Stewart, Susan L and Bernstein, Leslie and West, Dee W and Ross, Ronald K and Deapen, Dennis and Pinder, Richard and Reynolds, Peggy and Wright, William and Anton-Culver, Hoda and others},
  journal={Western Users of SAS Software. San Francisco, California},
  year={2003},
  publisher={Citeseer}
}
@article{liu2006incorporating,
  title={Incorporating time-dependent covariates in survival analysis using the LVAR method},
  author={Liu, Yali and Craig, Bruce A},
  journal={Statistics in medicine},
  volume={25},
  number={10},
  pages={1729--1740},
  year={2006},
  publisher={Wiley Online Library}
}
@article{mack2018managing,
  title={Managing missing data in patient registries: addendum to registries for evaluating patient outcomes: a user’s guide},
  author={Mack, Christina and Su, Zhaohui and Westreich, Daniel},
  year={2018}
}
@article{zou2005regularization,
  title={Regularization and variable selection via the elastic net},
  author={Zou, Hui and Hastie, Trevor},
  journal={Journal of the royal statistical society: series B (statistical methodology)},
  volume={67},
  number={2},
  pages={301--320},
  year={2005},
  publisher={Wiley Online Library}
}
@article{bansal2018tutorial,
  title={A tutorial on evaluating the time-varying discrimination accuracy of survival models used in dynamic decision making},
  author={Bansal, Aasthaa and Heagerty, Patrick J},
  journal={Medical Decision Making},
  volume={38},
  number={8},
  pages={904--916},
  year={2018},
  publisher={SAGE Publications Sage CA: Los Angeles, CA}
}